<record><leader>00000cas a22000007a 4500</leader><controlfield tag="001">32725978</controlfield><controlfield tag="008">950628u1976uuuunyuwr ne      0    0eng d</controlfield><datafield ind1=" " ind2=" " tag="010"><subfield code="a">sn 95071191 </subfield></datafield><datafield ind1=" " ind2=" " tag="040"><subfield code="a">NYS</subfield><subfield code="b">eng</subfield><subfield code="c">NYS</subfield><subfield code="d">OCLCQ</subfield></datafield><datafield ind1=" " ind2=" " tag="042"><subfield code="a">msc</subfield></datafield><datafield ind1="0" ind2=" " tag="130"><subfield code="a">Port Washington mail &amp; reporter (Port Washington, N.Y. : 1976)</subfield></datafield><datafield ind1="1" ind2="0" tag="245"><subfield code="a">Port Washington mail &amp; reporter.</subfield></datafield><datafield ind1="3" ind2="0" tag="246"><subfield code="a">Port Washington mail and reporter</subfield></datafield><datafield ind1=" " ind2=" " tag="260"><subfield code="a">Port Washington, N.Y. :</subfield><subfield code="b">James DeGraff Carr</subfield></datafield><datafield ind1=" " ind2=" " tag="300"><subfield code="a">v.</subfield></datafield><datafield ind1=" " ind2=" " tag="310"><subfield code="a">Weekly</subfield></datafield><datafield ind1="0" ind2=" " tag="362"><subfield code="a">Vol. 37, no. 37 (July 29, 1976)-</subfield></datafield><datafield ind1=" " ind2=" " tag="500"><subfield code="a">Publishers: James DeGraff Carr, 1976- ; Island Media Group, &lt;1986&gt;.</subfield></datafield><datafield ind1=" " ind2="4" tag="651"><subfield code="a">Port Washington (N.Y.)</subfield><subfield code="v">Newspapers.</subfield></datafield><datafield ind1=" " ind2="4" tag="651"><subfield code="a">Nassau County (N.Y.)</subfield><subfield code="v">Newspapers.</subfield></datafield><datafield ind1=" " ind2=" " tag="752"><subfield code="a">United States</subfield><subfield code="b">New York</subfield><subfield code="c">Nassau</subfield><subfield code="d">Port Washington.</subfield></datafield><datafield ind1="0" ind2="0" tag="780"><subfield code="t">Port Washington mail</subfield><subfield code="w">(DLC)sn 95071190</subfield></datafield><datafield ind1="1" ind2=" " tag="029"><subfield code="a">AU@</subfield><subfield code="b">000011783139</subfield></datafield></record>